@book{GeoJean,
   title =     {Geostatistics: Modeling Spatial Uncertainty, Second Edition},
   author =    {Jean Paul Chiles, Pierre Delfiner(auth.), Walter A. Shewhart, Samuel S. Wilks(eds.)},
   publisher = {},
   isbn =      {9780470183151,9781118136188},
   year =      {2012},
   series =    {Wiley Series in Probability and Statistics},
   edition =   {},
   volume =    {},
   url =       {}}


@article{Hclust,
author = {Giraldo, R. and Delicado, P. and Mateu, J.},
title = {Hierarchical clustering of spatially correlated functional data},
journal = {Statistica Neerlandica},
volume = {66},
number = {4},
pages = {403-421},
keywords = {basis functions, dissimilarity, functional clustering, geostatistics, multivariable variogram, trace-variogram},
doi = {10.1111/j.1467-9574.2012.00522.x},
url = {},
eprint = {},
year = {2012}
}
 
@article{Romano,
	doi = {10.1007/s10182-015-0253-9},
	url = {},
	year = 2015,
	month = {aug},
	publisher = {Springer Science and Business Media {LLC}},
	volume = {99},
	number = {4},
	pages = {467--492},
	author = {Elvira Romano and Jorge Mateu and Ramon Giraldo},
	title = {On the performance of two clustering methods for spatial functional data},
	journal = {{AStA} Advances in Statistical Analysis}
}
 

@article{Haggart,
 doi = {10.1111/rssc.12082},
 URL = {},
 author = {R. A. Haggarty and C. A. Miller and E. M. Scott},
 journal = {Journal of the Royal Statistical Society. Series C (Applied Statistics)},
 number = {3},
 pages = {491--506},
 publisher = {[Wiley, Royal Statistical Society]},
 title = {Spatially weighted functional clustering of river network data},
 volume = {64},
 year = {2015}
}

@article{Jaque,
  TITLE = {{Functional data clustering: a survey}},
  AUTHOR = {Jacques, J., Preda, C.},
  URL = {},
  JOURNAL = {{Advances in Data Analysis and Classification}},
  HAL_LOCAL_REFERENCE = {RR-8198},
  PUBLISHER = {{Springer Verlag}},
  VOLUME = {8},
  NUMBER = {3},
  PAGES = {24},
  YEAR = {2014},
  MONTH = Jan,
  DOI = {10.1007/s11634-013-0158-y},
  PDF = {https://hal.inria.fr/hal-00771030/file/RR-8198.pdf},
  HAL_ID = {hal-00771030},
  HAL_VERSION = {v1},
}

@article{Elvira,
author = {Romano, Elvira and Balzanella, Antonio and Verde, Rosanna},
title = {Spatial Variability Clustering for Spatially Dependent Functional Data},
year = {2017},
issue_date = {May 2017},
publisher = {Kluwer Academic Publishers},
address = {USA},
volume = {27},
number = {3},
issn = {0960-3174},
url = {},
doi = {10.1007/s11222-016-9645-2},
journal = {Statistics and Computing},
month = may,
pages = {645–658},
numpages = {14},
keywords = {Clustering, Spatially dependent functional data, Spatial dispersion}
}


@article{Jain,
title = {Data clustering: 50 years beyond K-means},
journal = {Pattern Recognition Letters},
volume = {31},
number = {8},
pages = {651-666},
year = {2010},
note = {Award winning papers from the 19th International Conference on Pattern Recognition (ICPR)},
issn = {0167-8655},
doi = {10.1016/j.patrec.2009.09.011},
url = {},
author = {Anil K. Jain},
keywords = {Data clustering, User’s dilemma, Historical developments, Perspectives on clustering, King-Sun Fu prize}
}

@article{Luz,
title = {K-means algorithms for functional data},
journal = {Neurocomputing},
volume = {151},
pages = {231-245},
year = {2015},
issn = {0925-2312},
doi = {10.1016/j.neucom.2014.09.048},
url = {},
author = {María {Luz López García} and Ricardo García-Ródenas and Antonia {González Gómez}},
keywords = {Functional data, -means, Reproducing Kernel Hilbert Space, Tikhonov regularization theory, Dimensionality reduction}
}

@article{NDVI,
author = {Hurley, Mark A.  and Hebblewhite, Mark  and Gaillard, Jean-Michel  and Dray, Stéphane  and Taylor, Kyle A.  and Smith, W. K.  and Zager, Pete  and Bonenfant, Christophe },
title = {Functional analysis of Normalized Difference Vegetation Index curves reveals overwinter mule deer survival is driven by both spring and autumn phenology},
journal = {Philosophical Transactions of the Royal Society B: Biological Sciences},
volume = {369},
number = {1643},
pages = {20130196},
year = {2014},
doi = {10.1098/rstb.2013.0196},
URL = {},
eprint = {}
}

@article{Perez,
author= {Andrés Pérez},
title= {Métodos Avanzados de Datos Funcionales (Tesis de Maestría)},
journal= {Universidad de Cádiz},
year= {2018},
}

@article{Uvidia,
author={Karla Uvidia},
title={ANáLISIS DE LA DINáMICA ESPACIO TEMPORAL DEL íNDICE DE VEGETACIóN DE DIFERENCIA NORMALIZADA (NDVI) Y SU RELACIóN CON PATRONES CLIMáTICOS GLOBALES EN EL PáRAMO ECUATORIAL ENTRE EL AÑO 2001 Y 2018 (Tesis de Grado)},
school={Escuela Politécnica Nacional},
year={2020}
}

@unpublished{Ramon,
 title={Introducción a la geoestadística: Teoria y Aplicación},
 author={Ramón Giraldo},
 year={2008},
 note={Departamento de Estadística, Facultad de Ciencias, Universidad Nacional de Colombia, pg:8-9}
 }  
 
@book{Cressi,
   title =     {Statistics for Spatial Data},
   author =    {Noel Cressie},
   publisher = {Wiley-Interscience},
   isbn =      {0471002550,9780471002550},
   year =      {1991},
   series =    {Probability and Mathematical Statistics},
   edition =   {Revised Edition},
   volume =    {},
   url =       {}}
   
@unpublished{marta,
 title={Estadística Espacial y Espacio-Temporal para campos aleatorios escalares y funcionales},
 author={Martha Bohorquez},
 year={2020},
 note={Departamento de Estadística, Facultad de Ciencias, Universidad Nacional de Colombia}
 }  
 
@book{montero,
author = {Montero, José and Fernández-Avilés, Gema and Mateu, Jorge},
year = {2015},
month = {08},
pages = {},
title = {Spatial and Spatio-Temporal Geostatistical Modeling and Kriging},
isbn = {978-1-118-41318-0},
doi = {10.1002/9781118762387}
}

@article{waldo,
 ISSN = {00130095, 19448287},
 doi = {10.2307/143141},
 author = {W. R. Tobler},
 journal = {Economic Geography},
 pages = {234--240},
 publisher = {[Clark University, Wiley]},
 title = {A Computer Movie Simulating Urban Growth in the Detroit Region},
 volume = {46},
 year = {1970}
}

@unpublished{emery,
 title={Geoestadística},
 author={Xavier Emery},
 year={2013},
 note={Departamento de Ingeniería de Minas, Facultad de Ciencias Físicas y Matemáticas, Universidad de Chile}
 } 
 
@book{hans,
   title =     {Multivariate Geostatistics: An Introduction with Applications},
   author =    {Hans Wackernagel},
   publisher = {Springer-Verlag Berlin Heidelberg},
   isbn =      {978-3-642-07911-5,978-3-662-05294-5},
   year =      {2003},
   series =    {},
   edition =   {3},
   volume =    {},
   doi =       {10.1007/978-3-662-03098-1}
}

@book{peter,
   title =     {Model-based Geostatistics (Springer Series in Statistics)},
   author =    {P.J. Diggle, Paulo Justiniano Ribeiro},
   publisher = {Springer},
   isbn =      {0387329072; 9780387329079},
   year =      {2007},
   series =    {Springer Series in Statistics},
   edition =   {1},
   doi =       {https://doi.org/10.1007/978-0-387-48536-2}}

@article{garten,
  title={Methodology for Variogram Interpretation and Modeling for Improved Reservoir Characterization},
  author={Emmanuel Gringarten and Clayton V. Deutsch},
  year={1999},
  doi={10.2118/56654-MS}
}

@article{ils,
author = {Flores, Miguel and Fernández-Casal, Rubén and Naya, Salvador and Tarrío-Saavedra, J. and Bossano, Roberto},
year = {2018},
month = {08},
pages = {},
title = {ILS: An R package for statistical analysis in Interlaboratory Studies},
volume = {181},
journal = {Chemometrics and Intelligent Laboratory Systems},
doi = {10.1016/j.chemolab.2018.07.013}
}

@article{qcr,
  author = {Miguel Flores and Rubén Fernández-Casal and Salvador Naya
          and Javier Tarrío-Saavedra},
  title = {{Statistical Quality Control with the qcr Package}},
  year = {2021},
  journal = {{The R Journal}},
  doi = {10.32614/RJ-2021-034},
  url = {},
  pages = {194--217},
  volume = {13},
  number = {1}
}

@article{geofd,
author = {Giraldo, Ramón and Mateu, Jorge and Delicado, Pedro},
year = {2012},
month = {12},
pages = {385-407},
title = {geofd: An R Package for Function-Valued Geostatistical Prediction},
volume = {35},
journal = {Revista Colombiana de Estadística}
}

@phdthesis{ndvicc,
author = {González-Baheza, Arturo},
year = {2017},
month = {08},
pages = {},
title = {Modelo de riesgo-vulnerabilidad integral por amenazas clave asociadas a cambio climático en zonas costeras de baja california sur.},
doi = {10.13140/RG.2.2.34627.30245}
}

@article{ndvi_app,
title = {Analysis of NDVI and scaled difference vegetation index retrievals of vegetation fraction},
journal = {Remote Sensing of Environment},
volume = {101},
number = {3},
pages = {366-378},
year = {2006},
issn = {0034-4257},
doi = {10.1016/j.rse.2006.01.003},
url = {},
author = {Zhangyan Jiang and Alfredo R. Huete and Jin Chen and Yunhao Chen and Jing Li and Guangjian Yan and Xiaoyu Zhang},
keywords = {NDVI, SDVI, Scale effect of NDVI, Vegetation fraction retrieval}
}

@article {ndvi_exp,
author = {KheirkhahZarkesh, Mir Masoud and Darvishi, Mehdi and Akbar Abkar, Ali and Ahmadi, Gholam Reza},
title = {Estimation of Rice Vegetation Indices with Multitemporal RADAR and optic Images},
journal = {Physical Geography Research Quarterly},
volume = {45},
number = {4},
pages = {85-96},
year  = {2014},
publisher = {University of Tehran},
issn = {2008-630X}, 
eissn = {2423-7760}, 
doi = {10.22059/jphgr.2014.50074}}

@article{megadiverso,
author = {Zapata-Rios, Xavier and Lopez-Fabara, Carmen and Navarrete, Abigail and Torres, Sandra and Flores, Miguel},
year = {2021},
month = {04},
pages = {952-972},
title = {Spatiotemporal patterns of burned areas, fire drivers, and fire probability across the equatorial Andes},
volume = {18},
journal = {Journal of Mountain Science},
doi = {10.1007/s11629-020-6402-y}
}

@article{oviedo,
 title={Statistical Computing in Functional Data Analysis: The R Package fda.usc},
 volume={51},
 url={},
 doi={10.18637/jss.v051.i04},
 number={4},
 journal={Journal of Statistical Software},
 author={Febrero-Bande, Manuel and de la Fuente, Manuel Oviedo},
 year={2012},
 pages={1–28}
}

@book{ramsay,
   title =     {Functional data analysis},
   author =    {Ramsay J., Silverman B.W.},
   publisher = {Springer},
   isbn =      {038740080X,9780387400808},
   year =      {2005},
   series =    {Springer Series in Statistics},
   edition =   {2ed},
   volume =    {},
   doi =       {10.1007/b98888}}
   
@book{aplramsay,
   title =     {Applied Functional Data Analysis (Springer Series in Statistics)},
   author =    {James O. Ramsay, Bernard W. Silverman},
   publisher = {Springer},
   isbn =      {0387954147,9780387954141,9780387224657},
   year =      {2002},
   series =    {Springer Series in Statistics},
   edition =   {1},
   volume =    {},
   doi =       {10.1007/b98886}}
   
@book{programsay,
   title =     {Functional data analysis with R and MATLAB},
   author =    {James Ramsay, Giles Hooker, Spencer Graves (auth.)},
   publisher = {Springer-Verlag New York},
   isbn =      {0387981845,9780387981840},
   year =      {2009},
   series =    {Use R},
   edition =   {1},
   volume =    {},
   doi =       {10.1007/978-0-387-98185-7}}

@book{federico,
   title =     {Recent Advances in Functional Data Analysis and Related Topics },
   author =    {A. Aguilera, M. C. Aguilera-Morillo (auth.), Frédéric Ferraty (eds.)},
   publisher = {Physica-Verlag Heidelberg},
   isbn =      {3790827355,9783790827354},
   year =      {2011},
   series =    {Contributions to Statistics},
   edition =   {1},
   volume =    {},
   doi =       {10.1007/978-3-7908-2736-1}}
   
@book{jin,
   title =     {Analysis of Variance for Functional Data},
   author =    {Jin-Ting Zhang},
   publisher = {Chapman & Hall / CRC Press},
   isbn =      {1439862737,9781439862735},
   year =      {2013},
   series =    {Chapman & Hall/CRC Monographs on Statistics & Applied Probability},
   edition =   {},
   volume =    {},
   doi =       {10.1201/b15005}}
   

@book{jian,
   title =     {Gaussian process regression analysis for functional data},
   author =    {Jian Qing Shi; Taeryon Choi},
   publisher = {CRC Press},
   isbn =      {9781439837733,1439837732},
   year =      {2011},
   series =    {},
   edition =   {},
   volume =    {},
   doi =       {10.1201/b11038 }}

@book{hsing,
   title =     {Theoretical Foundations of Functional Data Analysis, with an Introduction to Linear Operators},
   author =    {Tailen Hsing, Randall Eubank},
   publisher = {Wiley},
   isbn =      {0470016914,9780470016916},
   year =      {2015},
   series =    {Wiley Series in Probability and Statistics},
   edition =   {1},
   volume =    {},
   doi =       {10.1002/9781118762547}}

@book{kokoska,
   title =     {Introduction to functional data analysis},
   author =    {Kokoszka, Piotr; Reimherr, Matthew},
   publisher = {Chapman & Hall / CRC},
   isbn =      {9781498746625,1498746624,9781498746694,1498746691},
   year =      {2017},
   series =    {Chapman & Hall/CRC texts in statistical science series},
   edition =   {1st},
   volume =    {},
   doi =       {10.1201/9781315117416 }}

@book{pedro,
   title =     {Wavelets in Functional Data Analysis},
   author =    {Pedro A. Morettin, Aluísio Pinheiro, Brani Vidakovic},
   publisher = {Springer},
   isbn =      {978-3-319-59623-5},
   year =      {2017},
   series =    {},
   edition =   {},
   volume =    {},
   doi =       {10.1007/978-3-319-59623-5}}
   

@article{wang,
author = {Wang, Jane-Ling and Chiou, Jeng-Min and Müller, Hans-Georg},
title = {Functional Data Analysis},
journal = {Annual Review of Statistics and Its Application},
volume = {3},
number = {1},
pages = {257-295},
year = {2016},
doi = {10.1146/annurev-statistics-041715-033624},
URL = {},
eprint = {}
}


@incollection{raichle,
title = {Functional Data Analysis},
editor = {Neil J. Smelser and Paul B. Baltes},
booktitle = {International Encyclopedia of the Social & Behavioral Sciences},
publisher = {Pergamon},
address = {Oxford},
pages = {5822-5828},
year = {2001},
isbn = {978-0-08-043076-8},
doi = {10.1016/B0-08-043076-7/00434-4},
author = {J.O. Ramsay and B.W. Silverman},
}


@article{lajos,
author = {Young, G. Alastair},
title = {Inference for Functional Data with Applications by Lajos Horváth and Piotr Kokoszka},
journal = {International Statistical Review},
volume = {82},
number = {1},
pages = {155-156},
doi = {10.1111/insr.12051\_17},
url = {},
eprint = {},
year = {2014}
}



@book{duglas,
   title =     {S+Functional Data Analysis: User's Manual for Windows ®},
   author =    {Douglas B. Clarkson, Chris Fraley, Charles C. Gu, James O. Ramsay},
   publisher = {},
   isbn =      {0387249699,9780387249698,9780387283937},
   year =      {2005},
   series =    {},
   edition =   {1},
   volume =    {},
   doi =       {10.1007/0-387-28393-5}}

@book{anuj,
   title =     {Functional and Shape Data Analysis},
   author =    {Anuj Srivastava, Eric P. Klassen},
   publisher = {Springer},
   isbn =      {149394018X,9781493940189},
   year =      {2016},
   series =    {},
   edition =   {1st ed. 2016},
   volume =    {},
   doi =       {10.1007/978-1-4939-4020-2}}
   
@article{tian,
author = {Tian Siva Tian},
title = {Functional Data Analysis in brain imaging studies},
journal = {Frontiers in Psychology},
volume = {1},
pages = {35},
year = {2010},
issn = {1664-1078},
doi = {10.3389/fpsyg.2010.00035},
url = {}
}
   
@book{kreider,
	author = {Kreider, Donald L.},
	title = {Introducción al análisis lineal /},
	publisher = {Fondo Educativo Interamericano,},
	year = {1971.},
	address = {Bogotá :}
}

@article{manuel,
author = {Febrero, Manuel and Galeano, Pedro and González-Manteiga, Wenceslao},
title = {Outlier detection in functional data by depth measures, with application to identify abnormal NOx levels},
journal = {Environmetrics},
volume = {19},
number = {4},
pages = {331-345},
keywords = {depths, functional median, functional trimmed mean, nitrogen oxides, outliers, smoothed bootstrap},
doi = {10.1002/env.878},
url = {},
eprint = {},
year = {2008}
}


@article{pinero,
title = {Analysis and detection of outliers in water quality parameters from different automated monitoring stations in the Miño river basin (NW Spain)},
journal = {Ecological Engineering},
volume = {60},
pages = {60-66},
year = {2013},
issn = {0925-8574},
doi = {10.1016/j.ecoleng.2013.07.054},
url = {},
author = {J.I. Piñeiro {Di Blasi} and J. {Martínez Torres} and P.J. {García Nieto} and J.R. {Alonso Fernández} and C. {Díaz Muñiz} and J. Taboada},
keywords = {Functional data analysis, Outliers, Water quality monitoring, Monitoring samples, Functional depth}
}


@article{dai,
author = {Dai, Wenlin and Genton, Marc},
year = {2017},
month = {03},
pages = {},
title = {Multivariate Functional Data Visualization and Outlier Detection},
volume = {27},
journal = {Journal of Computational and Graphical Statistics},
doi = {10.1080/10618600.2018.1473781}
}


@article{gorgi,
author = {Górecki, Tomasz and Smaga, Łukasz},
year = {2015},
month = {01},
pages = {},
title = {A comparison of tests for the one-way ANOVA problem for functional data},
volume = {30},
journal = {Computational Statistics},
doi = {10.1007/s00180-015-0555-0}
}



@article{cuesta,
  title={A simple multiway ANOVA for functional data},
  author={J. A. Cuesta-Albertos and M. Febrero-Bande},
  journal={TEST},
  year={2010},
  volume={19},
  pages={537-557},
  doi={10.1007/s11749-010-0185-3}
}


@article{cuevas,
title = {An anova test for functional data},
journal = {Computational Statistics & Data Analysis},
volume = {47},
number = {1},
pages = {111-122},
year = {2004},
issn = {0167-9473},
doi = {10.1016/j.csda.2003.10.021},
url = {},
author = {Antonio Cuevas and Manuel Febrero and Ricardo Fraiman},
keywords = {Comparison of curves, Equality of functional means, Functional data, Functional one-way anova, Longitudinal data}
}

@inproceedings{hand,
  title={Handbook of Cluster Analysis},
  author={C. Hennig and M. Meila and F. Murtagh and R. Rocci},
  year={2015},
  doi={10.1201/b19706} 
}


@article{joan,
author = {Tarpey, Thaddeus and Kinateder, Kimberly},
year = {2003},
month = {05},
pages = {093-114},
title = {Clustering Functional Data},
volume = {20},
journal = {J. Classification},
doi = {10.1007/s00357-003-0007-3}
}


@article{sugar,
author = {James, Gareth and Sugar, Catherine},
year = {2003},
month = {06},
pages = {},
title = {Clustering sparsely sampled functional data},
volume = {98},
journal = {JASA. Journal of the American Statistical Association},
doi = {10.1198/016214503000189}
}


@article{beyron,
author = {Bouveyron, Charles and Brunet, Camille},
year = {2013},
month = {01},
pages = {1-27},
title = {Model-Based Clustering of High-Dimensional Data: A review},
volume = {71},
journal = {Computational Statistics and Data Analysis},
doi = {10.1016/j.csda.2012.12.008}
}


@article{delagua,
 ISSN = {00905364, 21688966},
 doi = {10.1214/09-AOS741},
 author = {Aurore Delaigle and Peter Hall},
 journal = {The Annals of Statistics},
 number = {2},
 pages = {1171--1193},
 publisher = {Institute of Mathematical Statistics},
 title = {DEFINING PROBABILITY DENSITY FOR A DISTRIBUTION OF RANDOM FUNCTIONS},
 volume = {38},
 year = {2010}
}


@article{cristian,
author = {Jacques, Julien and Preda, Cristian},
year = {2013},
month = {07},
pages = {164–171},
title = {Funclust: A curves clustering method using functional random variables density approximation},
volume = {112},
journal = {Neurocomputing},
doi = {10.1016/j.neucom.2012.11.042}
}


@ARTICLE{ferraty,
title = {F. Ferraty and P. Vieu, Nonparametric functional data analysis: Theory and practice, Springer Series in Statistics, Springer, Berlin (2006) ISBN 978-0-387-30369-7, p. XX, 268pp 29 illus., Hardcover},
author = {Hall, Peter},
year = {2007},
journal = {Computational Statistics & Data Analysis},
volume = {51},
number = {9},
pages = {4751-4752},
doi={10.1007/0-387-36620-2}
}


@article{herbalife,
author = {Hébrail, Georges and Hugueney, Bernard and Lechevallier, Yves and Rossi, Fabrice},
year = {2010},
month = {03},
pages = {1125-1141},
title = {Exploratory Analysis of Functional Data via Clustering and Optimal Segmentation},
volume = {73},
journal = {Neurocomputing},
doi = {10.1016/j.neucom.2009.11.022}
}


@Article{yamamoto,
  author={Michio Yamamoto},
  title={{Clustering of functional data in a low-dimensional subspace}},
  journal={Advances in Data Analysis and Classification},
  year=2012,
  volume={6},
  number={3},
  pages={219-247},
  month={October},
  keywords={Functional data; Clustering; Low-dimensional space; Dimension reduction; Smoothing; 62H30; 91C20},
  doi={10.1007/s11634-012-0113-3}
}



@book{andrew,
   title =     {Spatial Cluster Modelling (Monographs on Statistics and Applied Probability)},
   author =    {Andrew B. Lawson, David G.T. Denison},
   publisher = {},
   isbn =      {1584882662,9781584882664,9781420035414},
   year =      {2002},
   series =    {},
   edition =   {1},
   volume =    {},
   url =       {}}
   

@article{amarun,
author = {Arumugam, Padmapriya and Subitha, N.},
year = {2013},
month = {04},
pages = {28-33},
title = {Clustering Algorithm for Spatial Data Mining: An Overview},
volume = {68},
journal = {International Journal of Computer Applications},
doi = {10.5120/11617-7014}
}


@article{sumati,
  title={Spatial Data Mining-Techniques Trends and Its Applications},
  author={Sumathi, N and Geetha, R and Bama, S Sathiya},
  journal={Journal of Computer Applications},
  volume={1},
  number={4},
  pages={28--30},
  year={2008},
  doi={10.1.1.215.3645}
}


@InProceedings{cesario,
author={Cesario, Eugenio
and Vinci, Andrea
and Zhu, Xiaotian},
editor={Sergeyev, Yaroslav D.
and Kvasov, Dmitri E.},
title={Hierarchical Clustering of Spatial Urban Data},
booktitle={Numerical Computations: Theory and Algorithms},
year={2020},
publisher={Springer International Publishing},
address={Cham},
pages={223--231},
isbn={978-3-030-39081-5},
doi={10.1007/978-3-030-39081-5_20}
}

@article{chuek,
  title={Trends in spatial data mining},
  author={Shekhar, Shashi and Zhang, Pusheng and Huang, Yan and Vatsavai, Ranga Raju},
  journal={Data mining: Next generation challenges and future directions},
  pages={357--380},
  year={2003},
  publisher={Citeseer}
}


@article{ambrosi,
author = {Ambroise, Christophe and Dang, Van Mo},
year = {1997},
month = {12},
pages = {},
title = {Clustering of Spatial Databythe EM Algorithm},
volume = {9},
journal = {geoENV I-Geostatistics for Environmental Applications},
doi={10.1007/978-94-017-1675-8_40}
}


@article{juagüei,
author = {Han, Jiawei and Kamber, M. and Tung, Anthony},
year = {2001},
month = {01},
pages = {8},
title = {Spatial clustering methods in data mining: a survey},
journal = {Data Mining and Knowledge Discovery - DATAMINE}
}


@article{borou,
  title={The multivariate (co)variogram as a spatial weighting function in classification methods},
  author={G. Bourgault and D. Marcotte and P. Legendre},
  journal={Mathematical Geology},
  year={1992},
  volume={24},
  pages={463-478},
  doi={10.1007/BF00890530}
}

@article{ritu,
	author = {Ritu Chauhan and Harleen Kaur and M.Afshar Alam},
	title = {Article:Data Clustering Method for Discovering Clusters in Spatial Cancer Databases},
	journal = {International Journal of Computer Applications},
	year = {2010},
	volume = {10},
	number = {6},
	pages = {9--14},
	month = {November},
	note = {Published By Foundation of Computer Science},
	doi={10.5120/1487-2004}
}


@article{oliver,
  title={A geostatistical basis for spatial weighting in multivariate classification},
  author={Oliver, MA and Webster, R},
  journal={Mathematical Geology},
  volume={21},
  number={1},
  pages={15--35},
  year={1989},
  publisher={Springer},
  doi={10.1007/BF00897238 }
}


@Inbook{RomanoDIN,
author="Romano, Elvira
and Balzanella, Antonio
and Verde, Rosanna",
editor="Torelli, Nicola
and Pesarin, Fortunato
and Bar-Hen, Avner",
title="A Regionalization Method for Spatial Functional Data Based on Variogram Models: An Application on Environmental Data",
bookTitle="Advances in Theoretical and Applied Statistics",
year="2013",
publisher="Springer Berlin Heidelberg",
address="Berlin, Heidelberg",
pages="99--108",
isbn="978-3-642-35588-2",
doi={10.1007/978-3-642-35588-2_10},
url={}
}



@InProceedings{romanoNP,
author="Romano, Elvira
and Verde, Rosanna
and Cozza, Valentina",
editor="Ingrassia, Salvatore
and Rocci, Roberto
and Vichi, Maurizio",
title="Clustering Spatial Functional Data: A Method Based on a Nonparametric Variogram Estimation",
booktitle="New Perspectives in Statistical Modeling and Data Analysis",
year="2011",
publisher="Springer Berlin Heidelberg",
address="Berlin, Heidelberg",
pages="339--346",
isbn="978-3-642-11363-5",
doi={10.1007/978-3-642-11363-5}
}


@inbook{antonio,
author = {Romano, Elvira and Balzanella, Antonio and Verde, Rosanna},
year = {2010},
month = {01},
pages = {167-175},
title = {Clustering Spatio-Functional Data: A Model Based Approach},
isbn = {978-3-642-10744-3},
doi = {10.1007/978-3-642-10745-0_17}
}

@book{rui,
   title =     {Clustering },
   author =    {Rui Xu, Don Wunsch},
   publisher = {Wiley-IEEE Press},
   isbn =      {0470276800,9780470276808,9780470382783},
   year =      {2008},
   series =    {IEEE Press Series on Computational Intelligence},
   edition =   {illustrated edition},
   volume =    {},
   doi =       {10.1002/9780470382776}}
   
   
@article{olatz,
title = {An extensive comparative study of cluster validity indices},
journal = {Pattern Recognition},
volume = {46},
number = {1},
pages = {243-256},
year = {2013},
issn = {0031-3203},
doi = {10.1016/j.patcog.2012.07.021},
url = {},
author = {Olatz Arbelaitz and Ibai Gurrutxaga and Javier Muguerza and Jesús M. Pérez and Iñigo Perona},
keywords = {Crisp clustering, Cluster validity index, Comparative analysis}
}



@book{Koga,
author = {Kogan, Jacob and Nicholas, Charles and Teboulle, Marc},
year = {2006},
month = {01},
pages = {74},
title = {Grouping multidimensional data. Recent advances in clustering},
isbn = {3-540-28348-X},
journal = {Grouping Multidimensional Data: Recent Advances in Clustering},
doi = {10.1007/3-540-28349-8}
}


@article{dimitri,
author = {Dimitriadou, Evgenia and Dolnicar, Sara and Weingessel, Andreas},
year = {2002},
month = {02},
pages = {137-159},
title = {An examination of indexes for determining the number of clusters in binary data sets},
volume = {67},
journal = {Psychometrika},
doi = {10.1007/BF02294713}
}



@book{charo,
   title =     {Data Clustering: Algorithms and Applications},
   author =    {Charu C. Aggarwal, Chandan K. Reddy},
   publisher = {Chapman and Hall/CRC},
   isbn =      {9781466558229; 1466558229; 9781466558212; 1466558210},
   year =      {2013},
   series =    {Chapman & Hall/CRC Data Mining and Knowledge Discovery Series},
   edition =   {0},
   doi =       {10.1201/9781315373515}}


@article{pepe,
author = {Montero, Pablo and Vilar, José},
year = {2014},
month = {11},
pages = {1-43},
title = {TSclust : An R Package for Time Series Clustering},
volume = {62},
journal = {Journal of statistical software},
doi = {10.18637/jss.v062.i01}
}



@article{yanchi,
  title={Understanding and Enhancement of Internal Clustering Validation Measures},
  author={Yanchi Liu and Zhongmou Li and Hui Xiong and Xuedong Gao and J. Wu and Sen Wu},
  journal={IEEE Transactions on Cybernetics},
  year={2013},
  volume={43},
  pages={982-994},
  doi={10.1109/TSMCB.2012.2220543}
}



@article{lili,
author = {Ramirez, Liliana},
year = {2015},
month = {09},
pages = {},
title = {AUTOCORRELACIÓN ESPACIAL: ANALOGÍAS Y DIFERENCIAS ENTRE EL ÍNDICE DE MORAN Y EL ÍNDICE GETIS Y ORD},
doi = {10.13140/RG.2.2.23665.99682}
}
 

@article{celim,
author = {Celemin, Juan},
year = {2009},
month = {01},
pages = {11-31},
title = {Autocorrelación espacial e indicadores locales de asociación espacial: Importancia, estructura y aplicación},
volume = {18},
url={https://www.redalyc.org/pdf/3832/383239099001.pdf}
}


@article{chen,
author = {Chen, Yanguang},
year = {2013},
month = {07},
pages = {e68336},
title = {New Approaches for Calculating Moran’s Index of Spatial Autocorrelation},
volume = {8},
journal = {PloS one},
doi = {10.1371/journal.pone.0068336}
}
 

@book{insee,
author = {De Bellefon, Marie-Pierre and Loonis, Vincent and Fontaine, Maëlle and Costemalle, Vianney},
year = {2018},
month = {10},
pages = {},
title = {Handbook of Spatial Analysis with R Insee-Eurostat},
isbn = {978-2-11-139686-9}
}


@article{willi, title={La autocorrelación espacial y el desarrollo de la geografía cuantitativa}, 
volume={28}, 
url={},
DOI={10.15446/rcdg.v28n1.76919}, 
number={1}, 
journal={Cuadernos de Geografía: Revista Colombiana de Geografía}, author={Siabato, Willington and Guzmán-Manrique, 
Jhon}, 
year={2019}, 
month={ene.}, 
pages={1-22} }
 
@book{anil,
   title =     {Algorithms for clustering data},
   author =    {Anil K. Jain, Richard C. Dubes},
   publisher = {Prentice Hall College Div},
   isbn =      {9780130222787; 013022278X},
   year =      {1988},
   series =    {Prentice Hall Advanced Reference Series : Computer Science},
   url =       {http://dl.acm.org/citation.cfm?id=SERIES10022.42779 }}
 

@incollection{ortega,
author = {Joaquín Pérez-Ortega and Nelva Nely Almanza-Ortega and Andrea Vega-Villalobos and Rodolfo Pazos-Rangel and Crispín Zavala-Díaz and Alicia Martínez-Rebollar},
title = {The <em>K</em>-Means Algorithm Evolution},
booktitle = {Introduction to Data Science and Machine Learning},
publisher = {IntechOpen},
address = {Rijeka},
year = {2020},
editor = {Keshav Sud and Pakize Erdogmus and Seifedine Kadry},
chapter = {5},
doi = {10.5772/intechopen.85447}
}
 
@misc{alg,
      title={Application of k Means Clustering algorithm for prediction of Students Academic Performance}, 
      author={O. J. Oyelade and O. O. Oladipupo and I. C. Obagbuwa},
      year={2010},
      eprint={1002.2425},
      archivePrefix={arXiv},
      primaryClass={cs.LG}
}


@misc{CNRH,
      title={Memoria Técnica: División Hidrográfica del Ecuador, Propuesta del CNRH y el Grupo Interinstitucional para oficializar en el Ministerio de Relaciones Exteriores}, 
      author={CNRH, Consejo Nacional de Recursos Hídricos.},
      year={2002},
     url = {http://intranet.comunidadandina.org/Documentos/Reuniones/DTrabajo/SG_REG_EMAB_IX_dt%203_Ax2.pdf}
}

@book{gstcasal,
   title =     {GEOESTADÍSTICA ESPACIO-TEMPORAL Modelos flexibles de variogramas anisotrópicos no separables},
   author =    {Fernández-Casal, R},
   publisher = {Universidad Santiago de Compostela},
   year =      {2033},
   series =    {Doctoral Thesis},
   url =       {https://rubenfcasal.github.io/post/tesis_geoestadistica_espacio-temporal/}}


@book{basic,
   title =     {Basic Linear Geostatistics},
   author =    {Dr. Margaret Armstrong (auth.)},
   publisher = {Springer},
   isbn =      {9783540618454; 3540618457; 9783642587276; 3642587275},
   year =      {1998},
   edition =   {1},
   url =       {libgen.li/file.php?md5=663f1f089917226f6e9ece7ef1aea690}}
